@article{Hussaini,
  title   = "Upwind and high-resolution schemes",
  journal = "Berlin: Springer",
  volume  = "12",
  number  = "1",
  pages   = "1",
  year    = "1997",
  author  = "Hussaini MY, van Leer B, Van Rosendale J"
}

@article{jlg1,
  title   = "Entropy viscosity method for nonlinear conservation laws",
  journal = "Journal Comput. Phys.",
  volume  = "230",
  pages   = "4248-4267",
  year    = "2011",
  author  = "J-L. Guermond, R. Pasquetti, B. Popov"
}

@article{jlg2,
  title   = "Entropy Viscosity Method for High-Order Approximations of Conservation Laws",
  journal = "Lecture Notes in Computational Science and Engineering",
  volume  = "76",
  pages   = "411-418",
  year    = "2011",
  author  = "J-L. Guermond, R. Pasquetti"
  }
  
@conference{jlg3,
  title   = "Entropy-based nonlinear viscosity for Fourrier approximations of conservation laws",
  booktitle = "C.R. Math. Acad. Sci.",
  volume = "326",
  pages   = "801-806",
  year    = "2008",
  address = "Paris",
  author  = "J L Guermond and R Pasquetti",
  }

@book{Leveque,
author    = "Leveque R. J.",
title     = "Numerical methods for conservation laws",
year      = "1990",
publisher = "Basel: Birhauser",
address   = "Reading, Massachusetts"
}

@article{Balsara,
  title   = "An Analysis of the Hyperbolic Nature of the Equations of Radiation Hydrodynamics",
  journal = "J. Quant. Spectrosc. Radiat. Transfer",
  volume  = "61",
  pages   = "617-627",
  year    = "1999",
  author  = "Dinshaw S. Balsara"
  }

@article{LowrieMorelHittinger,
  title   = "Coupling radiation and hydrodynamics",
  journal = "Journal Quant. Spectrosc. Radiat. Transfer",
  volume  = "61",
  pages   = "432-500",
  year    = "1999",
  author  = "Lowrie R., Morel J., Hittinger J."
  }

@article{Woodward,
  title   = "Numerical simulations for radiation hydrodynamics. I. Diffusion limit",
  journal = "Journal of Comput Phys",
  volume  = "142",
  pages   = "182-207",
  year    = "1998",
  author  = "Dai W., Woodward P. R."
  }

@conference{Wareing,
  author  = "T.A. Wareing, J.E. Morel and J.M. McGhee",
  title   = "A diffusion synthetic acceleration method for the SN equations with discontinuous finite element space and time differencing",
  booktitle = "Proceedings of the International COnference on Mathematics and Computation, Reactor Physics and Environmental Analysis in Nuclear Applications",
  volume   = "1",
  pages    = "45-44",
  address  = "Madrid Spain",
  year     = "1999",
  month    = "September 27-30",
  }
  
@book{Toro,
author    = "E.F. Toro",
title     = "Riemann Solvers and numerical methods for fluid dynamics",
year      = "1999",
publisher = "$2^{nd}$ Edition, Springer",
}

@article{valentin,
  title   = "Implementation of the entropy viscosity method with the discontinuous Galerkin method",
  journal = "Journal of Comput Phys",
  volume  = "253",
  pages   = "479-490",
  year    = "2013",
  author  = "V. Zingan, J-L. Guermond, J. Morel and B. Popov"
  }

@article{LowrieEdwards,
  title   = "Radiative shock solutions with grey non equilibrium diffusion",
  journal = "Journal of Comput Phys",
  volume  = "18",
  pages   = "129-143",
  year    = "2008",
  author  = "R. B. Lowrie, J. D. Edwards"
  }

@article{entropy,
  title   = "A minimum entropy principle in the gas dynamics equations",
  journal = "Appl. Numer. Math.",
  volume  = "2",
  pages   = "211-219",
  year    = "1986",
  author  = "E. Tadmor"
  }

@article{LowrieMorel,
  title   = "Issues with high-resolution Godunov methods for radiation hydrodynamics",
  journal = "Journal of Quantitative Spectroscopy \& Radiative Transfer",
  volume  = "69",
  pages   = "475-489",
  year    = "2001",
  author  = "R.B. Lowrie, J.E. Morel"
  }

@article{Lax,
  title   = "Weak solutions of nonlinear hyperbolic equations and their numerical computation",
  journal = "Comm. Pure Appl. Math.",
  volume  = "7",
  pages   = "159-193",
  year    = "1954",
  author  = "P. Lax"
  }

@book{Evans,
  title   = "Numerical approximations of hyperbolic systems of conservation laws",
  address  = "New-York",
  year     = "1996",
  publisher = "Springer",
  author = "E. Godlewski and P.-A. Raviart"
  }

@conference{EdwardsMorelLowrie,
  title   = "Second-Order Discretization in Space and Time for Radiation Hydrodynamics",
  booktitle = "International Conference on Mathematics and Computational Methods Applied to Nuclear Science \& Engineering (M\&C 2013)",
  address  = "Sun Valley, Idaho, USA",
  year     = "2013",
  author = "Jarrod D. Edwards, Jim E. Morel, Robert B. Lowrie"
  }

@article{ShiJin,
  title   = "Numerical Schemes for Hyperbolic Conservation Laws with Stiff Relaxation Terms",
  journal = "Journal of Computational Physics",
  volume  = "126",
  pages   = "449-467",
  year    = "1996",
  author  = "Shi Jin and C. David Levermore"
  }

@article{jlg,
  title   = "Viscous regularization of the Euler equations and entropy principles",
  journal = "under review",
  year    = "2012",
  author  = "J-L. Guermond and B. Popov"
  }

@article{Moose,
  title   = "A parallel computational framework for coupled systems of nonlinear equations",
  journal = "Nucl. Eng. Design",
  volume  = "239",
  pages   = "1768-1778",
  year    = "2009",
  author  = "D. Gaston, C. Newsman, G. Hansen and D. Lebrun-Grandie"
  }

@article{JFNK,
  title   = "Jacobian-free Newton-Krylov methods: a survey of approaches and applications",
  journal = "Journal of Computational Physics",
  volume  = "193",
  pages   = "357-397",
  year    = "2004",
  author  = "Knoll D. A., Keyes D. E."
  }
  
@article{SEM,
  title   = "The discrete equation method (DEM) for fully compressible, two-phase flows in ducts of spatially varying cross-section",
  journal = "Nuclear Engineering and Design",
  volume  = "240",
  pages   = "3797-3818",
  year    = "2010",
  author  = "R. Berry, R. Saurel, O. LeMetayer"
  }

@article{Parabolic,
  title   = "On positivity preserving finite volume schemes for Euler equations",
  journal = "Numer. Math.",
  volume  = "73",
  pages   = "119-130",
  year    = "1996",
  author  = "Perthane B. and Shu C-W."
  }
  
@book{IGEOS,
  title   = "A to Z of Thermodynamics",
  author = "P Perrot",
  year      = "1998",
  publisher = "Oxford University Press",
  }

@article{SGEOS,
  title   = "Elaborating equation of state for a liquid and its vapor for two-phase flow models",
  author  = "O LeMetayer and J Massoni and R Saurel",
  journal = "International Journal of Thermal Science",
  volume  = "43",
  pages   = "265-276",
  year    = "2004",
  }
  @article{Lapidus_paper,
  title   = "A detached shock calculation by second order finite differences",
  author  = "A Lapidus",
  journal = "J. Comput. Phys.",
  volume  = "2",
  pages   = "154-177",
  year    = "1967",
  }

@article{LMP,
  title   = "A simple extension to multidimensional problems of the artificial viscosity due to Lapidus",
  author  = "R Lohner and K Morgan and J Peraire",
  journal = "Commun. Numer. Methods Eng.",
  volume  = "1(14)",
  pages   = "141-147",
  year    = "1985",
  }

@book{Lapidus_book,
  title   = "Finite Element Methods for Flow Problems",
  author = "J Donea and A Huerta",
  year      = "2003",
  publisher = "Oxford University Press",
  }

@book{PBV_book,
  title   = "Applied CFD Techniques: an Introduction based on Finite Element Methods",
  author = "R Lohner",
  year      = "2003",
  publisher = "$2^{nd}$ Edition Wiley",
  }

@article{Roe,
  title   = "An All-Speed Roe-type scheme and its asymptotic analysis of low Mach number behavior",
  author  = "X-S Li and C-W Gu",
  journal = "Journal of Computational Physics",
  volume  = "227",
  pages   = "5144-5159",
  year    = "2008",
  }

@article{LowMach1,
  title   = "On the behavior of upwind schemes in the low Mach number limit",
  author  = "H Guillard and C Viozat",
  journal = "Computers \& Fluids",
  volume  = "28",
  pages   = "63-86",
  year    = "1999",
  }

@article{LowMach2,
  title   = "Preconditioned techniques in computational fluid dynamics",
  author  = "E Turkel",
  journal = "Annu. Rev. Fluid Mech.",
  volume  = "31",
  pages   = "385-416",
  year    = "1999",
  }

@article{LowMach3,
  title   = "The solution of the compressible Euler equations at low Mach numbers using a stabilized finite element algorithm",
  author  = "J S Wong D L and Darmofal and J Peraire",
  journal = "Comput. Methods Appl. Mech. Engrg.",
  volume  = "190",
  pages   = "5719-5737",
  year    = "2001",
  }

@article{Neumann,
  title   = "A method for the numerical calculation of hydrodynamic shocks",
  author  = "J von Neumann and R D Richtmyer",
  journal = "J Appl Phys",
  volume  = "190",
  pages   = "232-237",
  year    = "1950",
  }

@article{Reisner,
  title   = "A space-time smooth artificial viscosity method for nonlinear conservation laws",
  author  = "J Reisner and J Serencsa and Shkoller S.",
  journal = "Journal of Computational Physics",
  volume  = "253",
  pages   = "912-933",
  year    = "2013",
  }

@conference{CompressionCorner,
  title   = "Modern Compressible Flow",
  booktitle = "Guide for Verification and Validation in Computational Solid
Mechanic.",
  pages   = "10-2006",
  year    = "1982",
  address = "New York",
  author  = "J D Anderson",
  }

@article{Hump,
  title   = "A Robust Multigrid Algorithm for the Euler Equations with Local Preconditioning and Semi-coarsening",
  author  = "D L Darmofal and K Siu",
  journal = "Journal of Computational Physics",
  volume  = "151",
  pages   = "728â€“756",
  year    = "1999",
  }

@article{Leblanc,
  title   = "Validation Test Case Suite for compressible hydrodynamics computation",
  author  = "R Loubere",
  journal = "Theoritical Division T-7 Los Alamos National Laboratory",
  }

@article{Muller,
  title   = "Low-Mach number asymptotes of the Navier-Stokes equations",
  author  = "B Muller",
  journal = "Journal of Engineering Mathematics",
  volume  = "34",
  pages   = "97â€“109",
  year    = "1998",
  }  

@article{FluxLimiter,
  title   = "Advanced numerical approximation of nonlinear hyperbolic equations",
  author  = "B Cockburn and C Johnson and C Shu and E Tadmor",
  journal = "Lecture Notes in Mathematics",
  volume  = "1697",
  pages   = "97â€“109",
  year    = "1998",
  }

@article{FluxLimiter1,
  title   = "Advanced numerical approximation of nonlinear hyperbolic equations",
  author  = "B Cockburn and C Johnson and C Shu and E Tadmor",
  journal = "Lecture Notes in Mathematics",
  volume  = "1697",
  pages   = "97â€“109",
  year    = "1998",
  }

@article{FluxLimiter2,
  title   = "Discontinuous Galerkin methods: theory, computation and applications",
  author  = "B Cockburn and G Karniadakis and C Shu",
  journal = "Lecture Notes in Computer Science and Engineering",
  volume  = "11",
  pages   = "97â€“109",
  year    = "2000",
  }

@article{FluxLimiter3,
  title   = "The local discontinuous Galerkin method for time- dependent convection-diffusion systems",
  author  = "B Cockburn and C Shu",
  journal = "Numer. Anal.",
  volume  = "35",
  pages   = "2440-2463",
  year    = "1998",
  }

@article{FluxLimiter4,
  title   = "New non-oscillatory central schemes on unstructured triangulations for hyperbolic systems of conservation laws",
  author  = "I Christov and B Popov",
  journal = "J Comput Phys",
  volume  = "227",
  pages   = "5736-5757",
  year    = "2008",
  }

@book{CompressionCorner,
  title   = "Modern Compressible Flow: With Historical Perspective",
  author = "J Anderson",
  year      = "1982",
  publisher = "McGraw-Hill Science Engineering",
  }
  
@article{nozzle_exact,
  title   = "Liquid and liquid-gas flows at all speeds: Reference solutions and numerical schemes.",
  author  = "S LeMartelot and B Nkonga and R Saurel",
  journal = "Research report",
  volume  = "7935",
  pages   = "97â€“109",
  year    = "2012",
  }

@book{convergence_book,
  title   = "Constructive Approximation",
  author = "R A DeVore and G G Lorentz",
  year      = "1991",
  publisher = "Springer-Verlag",
  }
    
@article{guillard,
  title   = "On the behaviour of upwind schemes in the low Mach number limit",
  author  = "H Guillard and C Viozat",
  journal = "Comput. Fluids",
  volume  = "105",
  pages   = "207-233",
  year    = "1993",
  }